@misc{Gromiha,
      title={Computational approaches for predicting binding partners, interface residues, and binding affinity of protein–protein complexes}, 
      author={K Yugandhar and M Michael Gromiha},
      year={2017}
}

@misc{Kastritis,
      title={On the binding affinity of macromolecular
interactions: daring to ask why proteins interact}, 
      author={Panagiotis L Kastritis and Alexandre MJJ Bonvin},
      year={2013}
}

@misc{Yang,
      title={Structure-based prediction of protein–protein binding
affinity with consideration of allosteric effect}, 
      author={Feifei Tian, Yonggang Lv, and Li Yang},
      year={2012}
}

@misc{database,
      title={ The pdbbind
database: methodologies and updates}, 
      author={Renxiao Wang, Xueliang Fang, Yipin Lu, Chao-Yie Yang, and Shaomeng Wang},
      year={2005}
}